<?xml version="1.0" encoding="UTF-8"?><collection xmlns="http://www.loc.gov/MARC21/slim"><record><leader>00554nam--2200133-i-4500</leader><controlfield tag="001">000045043</controlfield><controlfield tag="002">20161230</controlfield><controlfield tag="005">20161230201044</controlfield><controlfield tag="008">060222s1000------------r-----000-0-eng-d</controlfield><datafield ind1=" " ind2=" " tag="080"><subfield code="a">546.11.02.2(043):523(043):621.039.54(043)</subfield></datafield><datafield ind1=" " ind2=" " tag="100"><subfield code="a">Toma, Eugeniu</subfield></datafield><datafield ind1=" " ind2=" " tag="245"><subfield code="a">Modele de interior stelar, cu considerarea aspectelor evolutive. evolutia stelara anterioara secventei principlale si faza de ardere a deuteriului. /rezumat al tezei de doctorat pt.obtinerea titlului de doctor in fizica</subfield></datafield><datafield ind1=" " ind2=" " tag="260"><subfield code="a">Bucuresti, Facultatea De Fizica, 1973, 28p</subfield></datafield><datafield ind1=" " ind2=" " tag="852"><subfield code="a">39074</subfield></datafield></record></collection>